<?xml version="1.0" encoding="UTF-8"?><collection xmlns="http://www.loc.gov/MARC21/slim"><record><leader>00324nam--2200133-i-4500</leader><controlfield tag="001">000021097</controlfield><controlfield tag="002">20161230</controlfield><controlfield tag="005">20161230201034</controlfield><controlfield tag="008">060222s1000------------r-----000-0-eng-d</controlfield><datafield ind1=" " ind2=" " tag="080"><subfield code="a">002</subfield></datafield><datafield ind1=" " ind2=" " tag="245"><subfield code="a">Information processing equipment</subfield></datafield><datafield ind1=" " ind2=" " tag="260"><subfield code="a">New York, Reinhold Publ.Corp., 1955, 270p</subfield></datafield><datafield ind1=" " ind2=" " tag="700"><subfield code="a">Doss, M.P</subfield></datafield><datafield ind1=" " ind2=" " tag="852"><subfield code="a">10835</subfield></datafield></record></collection>